%% This BibTeX bibliography file was created using BibDesk.
%% http://bibdesk.sourceforge.net/

%% Created for William Jussiau at 2018-02-24 00:25:29 +0100 


%% Saved with string encoding Unicode (UTF-8) 



@article{combining_mpc_rl,
	Annote = {@inproceedings{mordatch2014combining,
  title={Combining the benefits of function approximation and trajectory optimization.},
  author={Mordatch, Igor and Todorov, Emo},
  booktitle={Robotics: Science and Systems},
  pages={5--32},
  year={2014}
}},
	Author = {Mordatch, Igor and Todorov, Emo},
	Date-Added = {2018-02-23 22:12:54 +0000},
	Date-Modified = {2018-02-23 22:13:41 +0000},
	Journal = {Robotics: Science and Systems},
	Keywords = {mpc, control},
	Title = {Combining the benefits of function approximation and trajectory optimization},
	Year = {2014}}

@article{reinforcement_learning,
	Annote = {@article{lillicrap2015continuous,
  title={Continuous control with deep reinforcement learning},
  author={Lillicrap, Timothy P and Hunt, Jonathan J and Pritzel, Alexander and Heess, Nicolas and Erez, Tom and Tassa, Yuval and Silver, David and Wierstra, Daan},
  journal={arXiv preprint arXiv:1509.02971},
  year={2015}
}},
	Author = {Lillicrap, Timothy P and Hunt, Jonathan J and Pritzel, Alexander and Heess, Nicolas and Erez, Tom and Tassa, Yuval and Silver, David and Wierstra, Daan},
	Date-Added = {2018-02-23 18:29:35 +0000},
	Date-Modified = {2018-02-23 18:31:57 +0000},
	Journal = {arXiv preprint arXiv:1509.02971},
	Title = {Continuous control with deep reinforcement learning},
	Year = {2015}}

@article{mpc,
	Annote = {@article{wang2010fast,
  title={Fast model predictive control using online optimization},
  author={Wang, Yang and Boyd, Stephen},
  journal={IEEE Transactions on control systems technology},
  volume={18},
  number={2},
  pages={267--278},
  year={2010},
  publisher={IEEE}
}},
	Author = {Wang, Yang and Boyd, Stephen},
	Date-Added = {2018-02-23 18:23:34 +0000},
	Date-Modified = {2018-02-23 18:25:36 +0000},
	Journal = {IEEE Transactions on control systems technology},
	Keywords = {mpc, control, command, system},
	Number = {2},
	Pages = {267--278},
	Title = {Fast model predictive control using online optimization},
	Volume = {18},
	Year = {2010}}

@misc{mattermost,
	Author = {Mattermost},
	Date-Added = {2018-02-23 13:31:54 +0000},
	Date-Modified = {2018-02-23 13:32:30 +0000},
	Howpublished = {https://about.mattermost.com/},
	Keywords = {mattermost, messaging},
	Title = {Open source, private cloud messaging}}

@misc{travis,
	Author = {Travis},
	Date-Added = {2018-02-23 13:25:50 +0000},
	Date-Modified = {2018-02-23 13:26:13 +0000},
	Howpublished = {https://travis-ci.org/},
	Keywords = {continuous integration, travis},
	Title = {Test and Deploy with Confidence}}

@misc{gnu,
	Author = {GNU},
	Date-Added = {2018-02-22 21:06:04 +0000},
	Date-Modified = {2018-02-22 21:06:45 +0000},
	Howpublished = {https://www.gnu.org/prep/standards/},
	Keywords = {code, standard, C, GNU},
	Title = {Coding standards}}

@misc{pep8,
	Author = {PEP8},
	Date-Added = {2018-02-22 21:05:06 +0000},
	Date-Modified = {2018-02-22 21:06:01 +0000},
	Howpublished = {https://www.python.org/dev/peps/pep-0008/},
	Keywords = {pep8, python, code},
	Title = {Style Guide for Python Code}}

@misc{acado,
	Author = {ACADO},
	Date-Added = {2018-02-22 21:01:51 +0000},
	Date-Modified = {2018-02-22 21:02:40 +0000},
	Howpublished = {http://acado.github.io/},
	Keywords = {IREPA, predictive control},
	Title = {Toolkit for Automatic Control and Dynamic Optimization}}

@misc{Gazebo,
	Author = {Gazebo},
	Date-Added = {2018-02-22 18:09:00 +0000},
	Date-Modified = {2018-02-22 18:15:22 +0000},
	Howpublished = {http://gazebosim.org/},
	Keywords = {robotique, middleware, ros, gazebo},
	Title = {Robot simulation made easy},
	Year = {2018}}

@misc{ROS,
	Author = {ROS},
	Date-Added = {2018-02-22 18:08:12 +0000},
	Date-Modified = {2018-02-22 18:13:54 +0000},
	Howpublished = {http://www.ros.org/},
	Keywords = {robotique, middleware, ros},
	Title = {Powering the world's robots},
	Year = {2018}}

@misc{laas,
	Author = {CNRS-LAAS},
	Date-Added = {2018-02-22 17:44:46 +0000},
	Date-Modified = {2018-02-22 18:13:08 +0000},
	Howpublished = {www.laas.fr},
	Keywords = {laas, robotique},
	Lastchecked = {22/02/2018},
	Rating = {1},
	Read = {0},
	Year = {2018}}

@misc{autonomous_car_2,
	Author = {Chris Woodyard},
	Date-Added = {2018-02-22 17:40:05 +0000},
	Date-Modified = {2018-02-22 18:03:36 +0000},
	Howpublished = {https://www.usatoday.com/},
	Journal = {USA Today},
	Keywords = {autonomous car, sale},
	Lastchecked = {22/02/2018},
	Title = {Self-driving car sales will explode},
	Year = {2014}}

@misc{autonomous_car,
	Author = {Andrea Willige},
	Date-Added = {2018-02-22 17:35:21 +0000},
	Date-Modified = {2018-02-22 18:03:31 +0000},
	Howpublished = {https://www.weforum.org/},
	Journal = {World Economic Forum},
	Keywords = {autonomous car, driveway},
	Lastchecked = {22/02/2018},
	Title = {When Will There Be a Self-Driving Car in Your Driveway?},
	Year = {2017}}

@article{mansard,
	Author = {Nicolas Mansard and Del Prete and Mathieu Geisert and Steve Tonneau and Olivier Stasse},
	Date-Added = {2018-02-21 22:44:12 +0000},
	Date-Modified = {2018-02-23 15:07:05 +0000},
	Journal = {HAL Archives Ouvertes},
	Keywords = {IREPA; predictive control; neural net; network},
	Title = {Using a Memory of Motion to Efficiently Warm-Start a Nonlinear Predictive Controller},
	Volume = {Rapport LAAS n$\,^{\circ}$ 17347},
	Year = {2017},
	Bdsk-File-1 = {YnBsaXN0MDDUAQIDBAUGJCVYJHZlcnNpb25YJG9iamVjdHNZJGFyY2hpdmVyVCR0b3ASAAGGoKgHCBMUFRYaIVUkbnVsbNMJCgsMDxJXTlMua2V5c1pOUy5vYmplY3RzViRjbGFzc6INDoACgAOiEBGABIAFgAdccmVsYXRpdmVQYXRoWWFsaWFzRGF0YV8QaS4uL2RvYy9NYW5zYXJkIC0gVXNpbmcgYSBNZW1vcnkgb2YgTW90aW9uIHRvIEVmZmljaWVudGx5IFdhcm0tU3RhcnQgYSBOb25saW5lYXIgUHJlZGljdGl2ZSBDb250cm9sbGVyLnBkZtIXCxgZV05TLmRhdGFPEQLAAAAAAALAAAIAAAxNYWNpbnRvc2ggSEQAAAAAAAAAAAAAAAAAAAAAAAAAQkQAAf////8fTWFuc2FyZCAtIFVzaW5nIGEgI0ZGRkZGRkZGLnBkZgAAAAAAAAAAAAAAAAAAAAAAAAAAAAAAAAAAAAAAAAAA/////wAAAAAAAAAAAAAAAAABAAIAAAogY3UAAAAAAAAAAAAAAAAAA2RvYwAAAgCSLzpVc2Vyczp3aWxsaWFtOkRvY3VtZW50czpUcmF2YWlsOjRBOlBJRTo4Njpkb2M6TWFuc2FyZCAtIFVzaW5nIGEgTWVtb3J5IG9mIE1vdGlvbiB0byBFZmZpY2llbnRseSBXYXJtLVN0YXJ0IGEgTm9ubGluZWFyIFByZWRpY3RpdmUgQ29udHJvbGxlci5wZGYADgDGAGIATQBhAG4AcwBhAHIAZAAgAC0AIABVAHMAaQBuAGcAIABhACAATQBlAG0AbwByAHkAIABvAGYAIABNAG8AdABpAG8AbgAgAHQAbwAgAEUAZgBmAGkAYwBpAGUAbgB0AGwAeQAgAFcAYQByAG0ALQBTAHQAYQByAHQAIABhACAATgBvAG4AbABpAG4AZQBhAHIAIABQAHIAZQBkAGkAYwB0AGkAdgBlACAAQwBvAG4AdAByAG8AbABsAGUAcgAuAHAAZABmAA8AGgAMAE0AYQBjAGkAbgB0AG8AcwBoACAASABEABIAkFVzZXJzL3dpbGxpYW0vRG9jdW1lbnRzL1RyYXZhaWwvNEEvUElFLzg2L2RvYy9NYW5zYXJkIC0gVXNpbmcgYSBNZW1vcnkgb2YgTW90aW9uIHRvIEVmZmljaWVudGx5IFdhcm0tU3RhcnQgYSBOb25saW5lYXIgUHJlZGljdGl2ZSBDb250cm9sbGVyLnBkZgATAAEvAAAVAAIADv//AACABtIbHB0eWiRjbGFzc25hbWVYJGNsYXNzZXNdTlNNdXRhYmxlRGF0YaMdHyBWTlNEYXRhWE5TT2JqZWN00hscIiNcTlNEaWN0aW9uYXJ5oiIgXxAPTlNLZXllZEFyY2hpdmVy0SYnVHJvb3SAAQAIABEAGgAjAC0AMgA3AEAARgBNAFUAYABnAGoAbABuAHEAcwB1AHcAhACOAPoA/wEHA8sDzQPSA90D5gP0A/gD/wQIBA0EGgQdBC8EMgQ3AAAAAAAAAgEAAAAAAAAAKAAAAAAAAAAAAAAAAAAABDk=}}
